%% This BibTeX bibliography file was created using BibDesk.
%% https://bibdesk.sourceforge.io/

%% Created for Shin-Cheng Mu at 2021-05-06 00:22:40 +0800 


%% Saved with string encoding Unicode (UTF-8) 



@inproceedings{SasanoHu:01:Generation,
	author = {Sasano, Isao and Hu, Zhenjiang and Takeichi, Masato},
	booktitle = {ACM SIGPLAN Workshop on Semantics, Applications and Implementation of Program Generation (SAIG'01)},
	date-added = {2021-05-06 00:12:22 +0800},
	date-modified = {2021-05-06 00:13:44 +0800},
	number = {2196},
	pages = {72-91},
	publisher = {Springer},
	series = {LNCS},
	title = {Generation of efficient programs for solving maximum multi-marking problems},
	year = {2001}}

@article{Zantema:92:Longest,
	author = {Zantema, Hans},
	date-added = {2021-03-03 15:02:37 +0800},
	date-modified = {2021-03-03 15:02:37 +0800},
	journal = {Science of Computer Programming},
	number = {1},
	pages = {39-66},
	title = {Longest segment problems},
	volume = {18},
	year = {1992},
	Bdsk-File-1 = {YnBsaXN0MDDSAQIDBFxyZWxhdGl2ZVBhdGhZYWxpYXNEYXRhXxApLi4vLi4vTGlicmFyeS9aYW50ZW1hLkgvWmFudGVtYS5IMTk5Mi5wZGZPEQF0AAAAAAF0AAIAAAxNYWNpbnRvc2ggSEQAAAAAAAAAAAAAAAAAAAAAAAAAQkQAAf////8RWmFudGVtYS5IMTk5Mi5wZGYAAAAAAAAAAAAAAAAAAAAAAAAAAAAAAAAAAAAAAAAAAAAAAAAAAAAAAAAAAAAA/////wAAAAAAAAAAAAAAAAACAAMAAAogY3UAAAAAAAAAAAAAAAAACVphbnRlbWEuSAAAAgA5LzpVc2VyczpzY206RG9jdW1lbnRzOkxpYnJhcnk6WmFudGVtYS5IOlphbnRlbWEuSDE5OTIucGRmAAAOACQAEQBaAGEAbgB0AGUAbQBhAC4ASAAxADkAOQAyAC4AcABkAGYADwAaAAwATQBhAGMAaQBuAHQAbwBzAGgAIABIAEQAEgA3VXNlcnMvc2NtL0RvY3VtZW50cy9MaWJyYXJ5L1phbnRlbWEuSC9aYW50ZW1hLkgxOTkyLnBkZgAAEwABLwAAFQACAAr//wAAAAgADQAaACQAUAAAAAAAAAIBAAAAAAAAAAUAAAAAAAAAAAAAAAAAAAHI}}

@inproceedings{Gibbons:97:Calculating,
	author = {Gibbons, Jeremy},
	booktitle = {Proceedings of ISRG/SERG Research Colloquium},
	date-added = {2021-02-24 21:48:29 +0800},
	date-modified = {2021-02-24 21:48:29 +0800},
	month = {November},
	organization = {Oxford Brookes University},
	title = {Calculating Functional Programs},
	year = {1997}}

@incollection{Bird:87:Introduction,
	author = {Bird, Richard Simpson},
	crossref = {Broy:87:Logic},
	date-added = {2021-02-24 21:47:29 +0800},
	date-modified = {2021-02-25 01:09:24 +0800},
	pages = {5-42},
	series = {NATO ASI Series F},
	title = {An introduction to the theory of lists},
	Bdsk-File-1 = {YnBsaXN0MDDSAQIDBFxyZWxhdGl2ZVBhdGhZYWxpYXNEYXRhXxAmLi4vLi4vLi4vTGlicmFyeS9CaXJkLlIvQmlyZC5SMTk4Ny5wZGZPEQFeAAAAAAFeAAIAAAxNYWNpbnRvc2ggSEQAAAAAAAAAAAAAAAAAAAAAAAAAQkQAAf////8OQmlyZC5SMTk4Ny5wZGYAAAAAAAAAAAAAAAAAAAAAAAAAAAAAAAAAAAAAAAAAAAAAAAAAAAAAAAAAAAAAAAAA/////wAAAAAAAAAAAAAAAAADAAMAAAogY3UAAAAAAAAAAAAAAAAABkJpcmQuUgACADMvOlVzZXJzOnNjbTpEb2N1bWVudHM6TGlicmFyeTpCaXJkLlI6QmlyZC5SMTk4Ny5wZGYAAA4AHgAOAEIAaQByAGQALgBSADEAOQA4ADcALgBwAGQAZgAPABoADABNAGEAYwBpAG4AdABvAHMAaAAgAEgARAASADFVc2Vycy9zY20vRG9jdW1lbnRzL0xpYnJhcnkvQmlyZC5SL0JpcmQuUjE5ODcucGRmAAATAAEvAAAVAAIACv//AAAACAANABoAJABNAAAAAAAAAgEAAAAAAAAABQAAAAAAAAAAAAAAAAAAAa8=}}

@inproceedings{deMoorGibbons:00:Pointwise,
	author = {de Moor, Oege and Gibbons, Jeremy},
	crossref = {AMAST:00},
	date-added = {2020-08-16 23:14:09 +0800},
	date-modified = {2021-05-06 00:22:39 +0800},
	key = {Moor, Gibbons},
	pages = {371-390},
	title = {Pointwise relational programming},
	Bdsk-File-1 = {YnBsaXN0MDDSAQIDBFxyZWxhdGl2ZVBhdGhZYWxpYXNEYXRhXxAnLi4vLi4vLi4vTGlicmFyeS9Nb29yLk8vTW9vci5PMjAwMGEucGRmTxEBYAAAAAABYAACAAAMTWFjaW50b3NoIEhEAAAAAAAAAAAAAAAAAAAAAAAAAEJEAAH/////D01vb3IuTzIwMDBhLnBkZgAAAAAAAAAAAAAAAAAAAAAAAAAAAAAAAAAAAAAAAAAAAAAAAAAAAAAAAAAAAAAAAP////8AAAAAAAAAAAAAAAAAAwADAAAKIGN1AAAAAAAAAAAAAAAAAAZNb29yLk8AAgA0LzpVc2VyczpzY206RG9jdW1lbnRzOkxpYnJhcnk6TW9vci5POk1vb3IuTzIwMDBhLnBkZgAOACAADwBNAG8AbwByAC4ATwAyADAAMAAwAGEALgBwAGQAZgAPABoADABNAGEAYwBpAG4AdABvAHMAaAAgAEgARAASADJVc2Vycy9zY20vRG9jdW1lbnRzL0xpYnJhcnkvTW9vci5PL01vb3IuTzIwMDBhLnBkZgATAAEvAAAVAAIACv//AAAACAANABoAJABOAAAAAAAAAgEAAAAAAAAABQAAAAAAAAAAAAAAAAAAAbI=}}

@article{MuBird:03:Theory,
	author = {Mu, Shin-Cheng and Bird, Richard Simpson},
	date-added = {2020-07-29 00:41:41 +0800},
	date-modified = {2020-07-29 00:41:41 +0800},
	journal = {Science of Computer Programming (Special Issue for Mathematics of Program Construction)},
	pages = {87-116},
	title = {Theory and applications of inverting functions as folds},
	volume = {51},
	year = {2003}}

@book{BirddeMoor:97:Algebra,
	author = {Bird, Richard Simpson and de Moor, Oege},
	date-added = {2020-07-27 23:44:40 +0800},
	date-modified = {2020-08-17 00:31:48 +0800},
	isbn = {0-13-507245-X},
	publisher = {Prentice Hall},
	title = {Algebra of Programming},
	year = {1997}}

@proceedings{AMAST:00,
	booktitle = {Algebraic Methodology and Software Technology},
	date-added = {2020-08-16 23:14:19 +0800},
	date-modified = {2021-05-06 00:20:50 +0800},
	editor = {Rus, Teodor},
	number = {1816},
	publisher = {Springer},
	series = {LNCS},
	title = {Algebraic Methodology and Software Technology},
	year = {2000}}

@proceedings{Broy:87:Logic,
	booktitle = {Logic of Programming and Calculi of Discrete Design},
	date-added = {2021-02-25 01:01:43 +0800},
	date-modified = {2021-05-06 00:21:29 +0800},
	editor = {Broy, Manfred},
	number = {36},
	publisher = {Springer},
	series = {Nato ASI Subseries F},
	title = {Logic of Programming and Calculi of Discrete Design},
	year = {1987}}
