%% This BibTeX bibliography file was created using BibDesk.
%% http://bibdesk.sourceforge.net/

%% Created for Shin-Cheng Mu at 2020-07-29 00:41:42 +0800 


%% Saved with string encoding Unicode (UTF-8) 



@article{MuBird:03:Theory,
	Author = {Mu, Shin-Cheng and Bird, Richard Simpson},
	Date-Added = {2020-07-29 00:41:41 +0800},
	Date-Modified = {2020-07-29 00:41:41 +0800},
	Journal = {Science of Computer Programming (Special Issue for Mathematics of Program Construction)},
	Pages = {87-116},
	Title = {Theory and applications of inverting functions as folds},
	Volume = {51},
	Year = {2003}}

@book{BirddeMoor:97:Algebra,
	Author = {Bird, Richard Simpson and de Moor, Oege},
	Date-Added = {2020-07-27 23:44:40 +0800},
	Date-Modified = {2020-07-27 23:44:40 +0800},
	Isbn = {0-13-507245-X},
	Publisher = {Prentice Hall},
	Series = {International Series in Computer Science},
	Title = {Algebra of Programming},
	Year = {1997}}
